<record><leader>00000cas a2200000 a 4500</leader><controlfield tag="001">15802799</controlfield><controlfield tag="008">870603c18899999fludr ne      0    0eng c</controlfield><datafield ind1=" " ind2=" " tag="010"><subfield code="a">sn 87070035 </subfield></datafield><datafield ind1=" " ind2=" " tag="040"><subfield code="a">NYS</subfield><subfield code="b">eng</subfield><subfield code="c">NYS</subfield><subfield code="d">FUG</subfield><subfield code="d">OCLCQ</subfield><subfield code="d">FUG</subfield><subfield code="d">OCLCQ</subfield><subfield code="d">OCLCF</subfield><subfield code="d">OCLCO</subfield></datafield><datafield ind1=" " ind2=" " tag="012"><subfield code="i">9509</subfield></datafield><datafield ind1="1" ind2=" " tag="029"><subfield code="a">AU@</subfield><subfield code="b">000025793581</subfield></datafield><datafield ind1=" " ind2=" " tag="042"><subfield code="a">pcc</subfield></datafield><datafield ind1=" " ind2=" " tag="043"><subfield code="a">n-us-fl</subfield></datafield><datafield ind1="0" ind2="0" tag="245"><subfield code="a">Citrus County chronicle.</subfield></datafield><datafield ind1=" " ind2=" " tag="260"><subfield code="a">Inverness, Fla. :</subfield><subfield code="b">Scofield Pub. Co.</subfield></datafield><datafield ind1=" " ind2=" " tag="300"><subfield code="a">v.</subfield></datafield><datafield ind1=" " ind2=" " tag="310"><subfield code="a">Daily,</subfield><subfield code="b">&lt;1987-1995&gt;</subfield></datafield><datafield ind1=" " ind2=" " tag="321"><subfield code="a">Weekly,</subfield><subfield code="b">&lt;1939-1968&gt;</subfield></datafield><datafield ind1=" " ind2=" " tag="321"><subfield code="a">Semiweekly,</subfield><subfield code="b">&lt;1980-1981&gt;</subfield></datafield><datafield ind1="1" ind2=" " tag="362"><subfield code="a">Began in 1889?</subfield></datafield><datafield ind1="1" ind2=" " tag="520"><subfield code="a">The Citrus County (FL) Chronicle [LCCN: sn87070035] was begun by Albert M. Williamson in July 1890 as a means of announcing goods for sale to people in the Inverness (FL) and Floral City (FL) areas to the north of Tampa (FL). Walter Warnock, the county clerk in Inverness, assumed ownership of the paper in the late 1890s and added news items and features. George Butler, then 70 years old, became owner and editor of the Citrus County Chronicle in 1914, and later that year Albert W. Butler became editor and owner. Joseph J. Wilson, of Clearwater, took over the paper in April 1929 and was an activist editor promoting goals to return the area to prosperity. Taylor Dawson became the editor in 1935, the same year the Scofield Publishing Company, owner of the Citrus County Chronicle, also acquired the Dunnellon (FL) Sun [LCCN: sn98026435]. Scofield sold the paper in May 1946 to N.A. Perry of Bradenton, who sold shortly afterward to J.R. Hough. A year later, Col. George H. Johnson bought both the Citrus County Chronicle and the Dunnellon Sun from Hough. Then in 1948, the Citrus County Chronicle was sold to Paul W. Ramsey who had been the city editor at the Chicago Sun [LCCN: sn87082566]. Ramsey sold the paper to the Bennett Hahn Company in June 1959, which then sold it to Frances and Carl Turner of Wisconsin. At Turner's death in 1962, his wife sold the paper to a St. Petersburg (FL) group that included former St. Petersburg mayor Herman Goldner. It was then bought by David S. Arthurs and in September 1980 merged with Landmark Community Newspapers, Inc. The Citrus County Chronicle became a daily in 1986, serving all of Citrus County. The newspaper is currently (ca. 2007) owned by Landmark Communications, Inc. In July 1990, the paper moved from Inverness to Crystal River. Citrus Publishing also publishes weekly editions of Sumter County Times [LCCN: sn95072059], Riverland News [LCCN: sn96027433], South Marion Citizen [LCCN: not known to exist], the Visitor [LCCN: not known to exist], Chiefland Citizen [LCCN: sn96027361] and Williston Sun News Pioneer [LCCN: not known to exist]. Source: http://www.chronicleonline.com. - E. Kesse, University of Florida Digital Library Center.</subfield></datafield><datafield ind1=" " ind2=" " tag="530"><subfield code="a">Also issued on microfilm from the University of Florida.</subfield></datafield><datafield ind1=" " ind2=" " tag="588"><subfield code="a">Description based on: Vol. 48, no. 51 (June 8, 1939).</subfield></datafield><datafield ind1=" " ind2=" " tag="588"><subfield code="a">Latest issue consulted: Vol. 107, no. 339 (Dec. 5, 1995).</subfield></datafield><datafield ind1=" " ind2="0" tag="651"><subfield code="a">Inverness (Fla.)</subfield><subfield code="v">Newspapers.</subfield></datafield><datafield ind1=" " ind2="0" tag="651"><subfield code="a">Citrus County (Fla.)</subfield><subfield code="v">Newspapers.</subfield></datafield><datafield ind1=" " ind2="7" tag="655"><subfield code="a">Newspapers.</subfield><subfield code="2">fast</subfield><subfield code="0">(OCoLC)fst01423814</subfield></datafield><datafield ind1=" " ind2="7" tag="651"><subfield code="a">Florida</subfield><subfield code="z">Citrus County.</subfield><subfield code="2">fast</subfield><subfield code="0">(OCoLC)fst01215015</subfield></datafield><datafield ind1=" " ind2="7" tag="651"><subfield code="a">Florida</subfield><subfield code="z">Inverness.</subfield><subfield code="2">fast</subfield><subfield code="0">(OCoLC)fst01215638</subfield></datafield><datafield ind1=" " ind2=" " tag="752"><subfield code="a">United States</subfield><subfield code="b">Florida</subfield><subfield code="c">Citrus</subfield><subfield code="d">Inverness.</subfield></datafield><datafield ind1="1" ind2=" " tag="776"><subfield code="c">Microfilm</subfield><subfield code="d">George A. Smathers Libraries, University of Florida</subfield><subfield code="w">(DLC)sn 96027451</subfield><subfield code="w">(OCoLC)35124061</subfield></datafield><datafield ind1=" " ind2=" " tag="850"><subfield code="a">FU</subfield></datafield><datafield ind1="4" ind2=" " tag="856"><subfield code="u">http://chronicle-online.com/</subfield></datafield></record>